<collection xmlns="http://www.loc.gov/MARC21/slim">
   <record>
      <leader>01969cam a2200457 i 4500</leader>
      <controlfield tag="001">6755026</controlfield>
      <controlfield tag="003">OCoLC</controlfield>
      <controlfield tag="005">20150317120407.0</controlfield>
      <controlfield tag="008">140623t20152015maua          001 0 eng  </controlfield>
      <datafield ind1=" " ind2=" " tag="010">
         <subfield code="a">  2014024248</subfield>
      </datafield>
      <datafield ind1=" " ind2=" " tag="020">
         <subfield code="a">9781138775008</subfield>
         <subfield code="q">hbk.</subfield>
      </datafield>
      <datafield ind1=" " ind2=" " tag="020">
         <subfield code="a">1138775002</subfield>
         <subfield code="q">hbk.</subfield>
      </datafield>
      <datafield ind1=" " ind2=" " tag="020">
         <subfield code="a">9781138775053</subfield>
         <subfield code="q">pbk.</subfield>
      </datafield>
      <datafield ind1=" " ind2=" " tag="020">
         <subfield code="a">1138775053</subfield>
         <subfield code="q">pbk.</subfield>
      </datafield>
      <datafield ind1=" " ind2=" " tag="020">
         <subfield code="z">9781315773490</subfield>
         <subfield code="q">electronic bk.</subfield>
      </datafield>
      <datafield ind1=" " ind2=" " tag="035">
         <subfield code="a">ocn881824286</subfield>
      </datafield>
      <datafield ind1=" " ind2=" " tag="039">
         <subfield code="a">exclude</subfield>
      </datafield>
      <datafield ind1=" " ind2=" " tag="040">
         <subfield code="a">DLC</subfield>
         <subfield code="e">rda</subfield>
         <subfield code="b">eng</subfield>
         <subfield code="c">DLC</subfield>
         <subfield code="d">YDX</subfield>
         <subfield code="d">OCLCF</subfield>
         <subfield code="d">YDXCP</subfield>
         <subfield code="d">CDX</subfield>
         <subfield code="d">AEU</subfield>
      </datafield>
      <datafield ind1=" " ind2=" " tag="042">
         <subfield code="a">pcc</subfield>
      </datafield>
      <datafield ind1="0" ind2="0" tag="050">
         <subfield code="a">PN4784.O62</subfield>
         <subfield code="b">C66 2015</subfield>
      </datafield>
      <datafield ind1="0" ind2="0" tag="082">
         <subfield code="a">070.4</subfield>
         <subfield code="2">23</subfield>
      </datafield>
      <datafield ind1=" " ind2=" " tag="090">
         <subfield code="a">PN4784 .O62 C66 2015</subfield>
         <subfield code="b">AEGMCT</subfield>
      </datafield>
      <datafield ind1="0" ind2="0" tag="245">
         <subfield code="a">Convergent journalism :</subfield>
         <subfield code="b">an introduction, writing and producing across media /</subfield>
         <subfield code="c">edited by Vincent F. Filak.</subfield>
      </datafield>
      <datafield ind1=" " ind2=" " tag="250">
         <subfield code="a">2nd edition.</subfield>
      </datafield>
      <datafield ind1=" " ind2="1" tag="264">
         <subfield code="a">Burlington, MA :</subfield>
         <subfield code="b">Focal Press,</subfield>
         <subfield code="c">2015.</subfield>
      </datafield>
      <datafield ind1=" " ind2="4" tag="264">
         <subfield code="c">©2015</subfield>
      </datafield>
      <datafield ind1=" " ind2=" " tag="300">
         <subfield code="a">xv, 246 pages :</subfield>
         <subfield code="b">illustrations ;</subfield>
         <subfield code="c">25 cm</subfield>
      </datafield>
      <datafield ind1=" " ind2=" " tag="336">
         <subfield code="a">text</subfield>
         <subfield code="b">txt</subfield>
         <subfield code="2">rdacontent</subfield>
         <subfield code="0">http://id.loc.gov/vocabulary/contentTypes/txt</subfield>
      </datafield>
      <datafield ind1=" " ind2=" " tag="337">
         <subfield code="a">unmediated</subfield>
         <subfield code="b">n</subfield>
         <subfield code="2">rdamedia</subfield>
         <subfield code="0">http://id.loc.gov/vocabulary/mediaTypes/n</subfield>
      </datafield>
      <datafield ind1=" " ind2=" " tag="338">
         <subfield code="a">volume</subfield>
         <subfield code="b">nc</subfield>
         <subfield code="2">rdacarrier</subfield>
         <subfield code="0">http://id.loc.gov/vocabulary/carriers/nc</subfield>
      </datafield>
      <datafield ind1=" " ind2=" " tag="500">
         <subfield code="a">Includes index.</subfield>
      </datafield>
      <datafield ind1=" " ind2=" " tag="596">
         <subfield code="a">29</subfield>
      </datafield>
      <datafield ind1=" " ind2="0" tag="650">
         <subfield code="a">Online journalism.</subfield>
         <subfield code="0">http://id.loc.gov/authorities/subjects/sh2004000803</subfield>
      </datafield>
      <datafield ind1=" " ind2="0" tag="650">
         <subfield code="a">Broadcast journalism.</subfield>
         <subfield code="0">http://id.loc.gov/authorities/subjects/sh85017001</subfield>
      </datafield>
      <datafield ind1=" " ind2="0" tag="650">
         <subfield code="a">Mass media</subfield>
         <subfield code="x">Ownership.</subfield>
      </datafield>
      <datafield ind1=" " ind2="0" tag="650">
         <subfield code="a">Convergence (Telecommunication)</subfield>
         <subfield code="0">http://id.loc.gov/authorities/subjects/sh2002000577</subfield>
      </datafield>
      <datafield ind1="1" ind2=" " tag="700">
         <subfield code="a">Filak, Vincent F.,</subfield>
         <subfield code="e">editor.</subfield>
         <subfield code="0">http://id.loc.gov/authorities/names/n2005059204</subfield>
         <subfield code="0">http://viaf.org/viaf/278561070</subfield>
      </datafield>
      <datafield ind1=" " ind2=" " tag="758">
         <subfield code="0">http://worldcat.org/entity/work/id/2908425895</subfield>
      </datafield>
      <datafield ind1="0" ind2=" " tag="787">
         <subfield code="n">OCLC Work Id</subfield>
         <subfield code="o">http://worldcat.org/entity/work/id/2908425895</subfield>
      </datafield>
      <datafield ind1=" " ind2=" " tag="949">
         <subfield code="a">PN4784 .O62 C66 2015</subfield>
         <subfield code="h">GMCT-OS-B</subfield>
         <subfield code="i">1007406588</subfield>
         <subfield code="p">68.94</subfield>
         <subfield code="k">AVAIL_SOON</subfield>
      </datafield>
      <datafield ind1=" " ind2=" " tag="926">
         <subfield code="a">PN4784 .O62 C66 2015</subfield>
         <subfield code="w">LC</subfield>
         <subfield code="c">1</subfield>
         <subfield code="i">1007406588</subfield>
         <subfield code="d">4/10/2015</subfield>
         <subfield code="l">ON_SHELF</subfield>
         <subfield code="m">GR_MACEWAN</subfield>
         <subfield code="p">$68.94</subfield>
         <subfield code="r">Y</subfield>
         <subfield code="s">Y</subfield>
         <subfield code="t">BOOK</subfield>
         <subfield code="u">3/25/2015</subfield>
      </datafield>
   </record>
</collection>
